@article{survey1,
  title={A survey of multiobjective evolutionary algorithms for data mining: Part I},
  author={Mukhopadhyay, Anirban and Maulik, Ujjwal and Bandyopadhyay, Sanghamitra and Coello, Carlos Artemio Coello},
  journal={IEEE Transactions on Evolutionary Computation},
  volume={18},
  number={1},
  pages={4--19},
  year={2014},
  publisher={IEEE}
}

@article{survey2,
  title={Survey of multiobjective evolutionary algorithms for data mining: Part II},
  author={Mukhopadhyay, Anirban and Maulik, Ujjwal and Bandyopadhyay, Sanghamitra and Coello, Carlos A Coello},
  journal={IEEE Transactions on Evolutionary Computation},
  volume={18},
  number={1},
  pages={20--35},
  year={2014},
  publisher={IEEE}
}

@article{diversity,
  title={An overview of methods maintaining diversity in genetic algorithms},
  author={Gupta, Deepti and Ghafir, Shabina},
  journal={International journal of emerging technology and advanced engineering},
  volume={2},
  number={5},
  pages={56--60},
  year={2012}
}